@misc{LeinsterEnrichment,
    title={Generalized enrichment for categories and multicategories},
    author={Leinster, Tom},
    year={1999},
    eprint={9901139},
    archivePrefix={arXiv},
    primaryClass={math.CT},
    note = {\href{https://arxiv.org/abs/9901139}{arXiv:9901139}}
}

@misc {ShapiroEnrichment,
    author = {Shapiro, Brandon},
    title={Enrichment of Algebraic Higher Categories},
    year = {2022},
    note={\emph{In Preparation}}
}
